@misc{wikipediapgf,
  title={Probability-generating function},
  author={Wikipedia},
  howpublished = {\url{https://en.wikipedia.org/wiki/Probability-generating\_function}},
} 
@book{basar,
  title={Probability-generating function},
  author={},
  volume={200},
  year={1995},
  publisher={SIAM}
} 
@misc{WinNT,
  title = {{MS Windows NT} Kernel Description},
  howpublished = {\url{http://web.archive.org/web/20080207010024/http://www.808multimedia.com/winnt/kernel.htm}},
  note = {Accessed: 2010-09-30}
}
